@phdthesis{schopp,
  author = {Ulrich Sch{\"o}pp},
  title  = {Names and binding in type theory},
  school = {University of Edinburgh},
  year   = {2006},
  url    = {https://ulrichschoepp.de/Docs/th.pdf}
}

@mastersthesis{biering,
  author  = {Biering, Bodil},
  title   = {On the Logic of Bunched Implications - and its relation to separation logic},
  school  = {University of Copenhagen},
  year    = {2004},
  month   = {6},
  chapter = {4},
  url     = {https://ncatlab.org/nlab/files/Biering-BunchedLogic.pdf}
}

@unpublished{blechschmidt,
  author = {Blechschmidt, Ingo},
  url    = {https://rawgit.com/iblech/internal-methods/master/paper-qcoh.pdf},
  title  = {A General Nullstellensatz for Generalized Spaces}
}